
@article{karlCrossculturalValidityFiveFacet2020,

	title = {The {Cross}-cultural {Validity} of the {Five}-{Facet} {Mindfulness} {Questionnaire} {Across} 16 {Countries}},

	doi = {10.1007/s12671-020-01333-6},

	journal = {Mindfulness},

	author = {Karl, Johannes Alfons and Méndez Prado, Silvia Mariela and Gracanin, Asmir and Verhaeghen, Paul and Ramos, Alexandre and Mandal, Satchit Prasun and Michalak, Johannes and Zhang, Chun-Qing and Schmidt, Carlos and Tran, Ulrich S. and Druica, Elena and Solem, Stian and Astani, Andreea and Liu, Xinghua and Luciano, Juan V. and Tkalcic, Mladenka and Lilja, Josefine L. and Dundas, Ingrid and Wong, Samuel Y. S. YS and Fischer, Ronald and Prado, Silvia Mariela Méndez and Gracanin, Asmir and Verhaeghen, Paul and Ramos, Alexandre and Mandal, Satchit Prasun and Michalak, Johannes and Zhang, Chun-Qing and Schmidt, Carlos and Tran, Ulrich S. and Druica, Elena and Solem, Stian and Astani, Andreea and Liu, Xinghua and Luciano, Juan V. and Tkalcic, Mladenka and Lilja, Josefine L. and Dundas, Ingrid and Wong, Samuel Y. S. YS and Fischer, Ronald},

	year = {2020}
}
