@article{Karl2019,
author = {Karl, Johannes and Walsh, Amy T and Robinson, Kealagh and Twitichin, Samuel},
journal = {Psychology Aotearoa},
number = {1},
pages = {46--49},
title = {{Developing the credibility of psychological science: Graduate student reflections on open science}},
volume = {11},
year = {2019}
}
