
@article{singhTimeInvestmentsRituals2020,

	title = {Time investments in rituals are associated with social bonding, affect and subjective health: {A} longitudinal study of {Diwali} in two {Indian} communities},

	volume = {375: 20190430},

	doi = {10.1098/rstb.2019.0430},

	journal = {Philosophical Transactions B},

	author = {Singh, Purnima and Tewari, Shruti and Kesberg, Rebekka and Karl, Johannes Alfons and Bulbulia, Joseph and Fischer, Ronald},

	year = {2020}}
