
@incollection{fischerExperimentalMethodsCrossCultural,
	title = {Experimental {Methods} {In} {Cross}-{Cultural} {Management}},
	isbn = {978-1-5264-4132-4},
	booktitle = {Handbook of {Contemporary} {Cross}-{Cultural} {Management}},
	publisher = {SAGE},
	author = {Fischer, Ronald and Karl, Johannes Alfons},
	editor = {Szkudlarek, Betina and Romani, Laurence and Caprar, Dan V. and Osland, Joyce S.},
	pages = {111--126}
}
